<?xml version="1.0" encoding="utf-8"?>
<record xmlns="http://www.loc.gov/MARC21/slim" xmlns:xsi="http://www.w3.org/2001/XMLSchema-instance" xsi:schemaLocation="http://www.loc.gov/MARC21/slim http://www.loc.gov/standards/marcxml/schema/MARC21slim.xsd">
	<leader>     nam a22     Mi 4500</leader>
	<controlfield tag="001">644181</controlfield>
	<controlfield tag="003">NNC</controlfield>
	<controlfield tag="006">m        d        </controlfield>
	<controlfield tag="007">cr cn |||m|||a</controlfield>
	<controlfield tag="008">181206s1888    ua      o     000 0 ara d</controlfield>
	<datafield ind1=" " ind2=" " tag="040">
		<subfield code="a">ZYU</subfield>
		<subfield code="b">ara</subfield>
		<subfield code="e">rda</subfield>
		<subfield code="c">ZYU</subfield>
	</datafield>
	<datafield ind1=" " ind2="4" tag="050">
		<subfield code="a">PJ6101.I23</subfield>
		<subfield code="b">I237 1888</subfield>
	</datafield>
	<datafield ind1="1" ind2=" " tag="100">
		<subfield code="6">880-01</subfield>
		<subfield code="a">Sujāʻī, Aḥmad ibn Aḥmad,</subfield>
		<subfield code="d">-1783?</subfield>
	</datafield>
	<datafield ind1="1" ind2="0" tag="240">
		<subfield code="6">880-02</subfield>
		<subfield code="a">Fatḥ al-jalīl ʻalá Sharḥ ibn ʻAqīl</subfield>
	</datafield>
	<datafield ind1="1" ind2="0" tag="245">
		<subfield code="6">880-03</subfield>
		<subfield code="a">Ḥāshiyat al-ʻallāmah al-Sujāʻī ʻalá sharḥ Ibn ʻAqīl ʻalá matn Alfīyat Ibn Mālik fī ʻilm al-ʻArabīyah /</subfield>
		<subfield code="c">Aḥmad ibn Aḥmad al-Sujāʻī.</subfield>
	</datafield>
	<datafield ind1=" " ind2=" " tag="260">
		<subfield code="6">880-04</subfield>
		<subfield code="a">Miṣr :</subfield>
		<subfield code="b">Maṭbaʻah al-Maymanīyah,</subfield>
		<subfield code="c">1306h [i.e. 1888 or 9]</subfield>
	</datafield>
	<datafield ind1=" " ind2=" " tag="300">
		<subfield code="a">online resource (313 pages)</subfield>
	</datafield>
	<datafield ind1=" " ind2=" " tag="336">
		<subfield code="a">text</subfield>
		<subfield code="2">rdacontent</subfield>
	</datafield>
	<datafield ind1=" " ind2=" " tag="337">
		<subfield code="a">computer</subfield>
		<subfield code="2">rdamedia</subfield>
	</datafield>
	<datafield ind1=" " ind2=" " tag="338">
		<subfield code="a">online resource</subfield>
		<subfield code="2">rdacarrier</subfield>
	</datafield>
	<datafield ind1=" " ind2=" " tag="500">
		<subfield code="a">Part of the Arabic Collections Online (ACO) project, contributed by Columbia University Libraries.</subfield>
	</datafield>
	<datafield ind1=" " ind2=" " tag="533">
		<subfield code="a">Electronic reproduction.</subfield>
		<subfield code="b">New York, N.Y. :</subfield>
		<subfield code="c">New York University,</subfield>
		<subfield code="d">2018.</subfield>
		<subfield code="5">NNU</subfield>
	</datafield>
	<datafield ind1="1" ind2="0" tag="600">
		<subfield code="6">880-05</subfield>
		<subfield code="a">Ibn ʻAqīl, ʻAbd Allāh ibn ʻAbd al-Raḥmān,</subfield>
		<subfield code="d">1294?-1367.</subfield>
		<subfield code="t">Sharḥ Ibn ʻAqīl ʻalá Alfīyat Ibn Mālik.</subfield>
	</datafield>
	<datafield ind1="2" ind2=" " tag="710">
		<subfield code="a">Columbia University.</subfield>
		<subfield code="b">Libraries.</subfield>
	</datafield>
	<datafield ind1="0" ind2=" " tag="730">
		<subfield code="a">Arabic Collections Online.</subfield>
	</datafield>
	<datafield ind1="0" ind2="8" tag="776">
		<subfield code="i">Online version:</subfield>
		<subfield code="a">Sajjāʻī, 18th cent.</subfield>
		<subfield code="s">Fath al-jalil ʻala sharh Ibn ʻAqil.</subfield>
		<subfield code="t">Hashiyat al-Sajjaʻi al-musammah Fath al-jalil ʻala sharh Ibn ʻAqil ʻala matn al-Alfiyah li-Ibn Malik fi ʻilm al-ʻArabiyah.</subfield>
		<subfield code="d">Misr : al-Matbaʻah al-Maymaniyah, 1306h [i.e. 1888 or 9]</subfield>
		<subfield code="w">(OCoLC)654003557</subfield>
	</datafield>
	<datafield ind1="0" ind2="8" tag="776">
		<subfield code="i">Print version:</subfield>
		<subfield code="a">Sujāʻī, Aḥmad ibn Aḥmad, -1783?</subfield>
		<subfield code="t">Ḥāshiyat al-ʻallāmah al-Sujāʻī ʻalá sharḥ Ibn ʻAqīl ʻalá matn Alfīyat Ibn Mālik fī ʻilm al-ʻArabīyah</subfield>
		<subfield code="w">(NNC)644181</subfield>
		<subfield code="w">(OCoLC)506935961</subfield>
	</datafield>
	<datafield ind1="4" ind2="0" tag="856">
		<subfield code="u">http://hdl.handle.net/2333.1/vdnck1bq</subfield>
	</datafield>
	<datafield ind1="1" ind2=" " tag="880">
		<subfield code="6">100-01</subfield>
		<subfield code="a">سجاعي، احمد بن احمد،</subfield>
		<subfield code="d">-1783?</subfield>
	</datafield>
	<datafield ind1="1" ind2="0" tag="880">
		<subfield code="6">240-02</subfield>
		<subfield code="a">فتح الجليل على شرح بن عقيل</subfield>
	</datafield>
	<datafield ind1="1" ind2="0" tag="880">
		<subfield code="6">245-03</subfield>
		<subfield code="a">حاشية العلامة السجاعي على شرح ابن عقيل على متن الفية ابن مالك في علم العربية /</subfield>
		<subfield code="c">احمد بن احمد السجاعي.</subfield>
	</datafield>
	<datafield ind1=" " ind2=" " tag="880">
		<subfield code="6">260-04</subfield>
		<subfield code="a">مصر :</subfield>
		<subfield code="b">مطبعة الميمنية،</subfield>
		<subfield code="c">1306h [i.e. 1888 or 9]</subfield>
	</datafield>
	<datafield ind1="1" ind2="4" tag="880">
		<subfield code="6">600-05</subfield>
		<subfield code="a">ابن عقيل، عبد الله بن عبد الرحمن، 1294?-1367.</subfield>
		<subfield code="t">شرح ابن عقيل على الفية ابن مالك.</subfield>
	</datafield>
	<datafield ind1=" " ind2=" " tag="959">
		<subfield code="a">NNU</subfield>
		<subfield code="b">WEB</subfield>
		<subfield code="c">GENI</subfield>
		<subfield code="t">0</subfield>
		<subfield code="m">Electronic access</subfield>
		<subfield code="s">01</subfield>
	</datafield>
	<datafield ind1=" " ind2=" " tag="999">
		<subfield code="i">NNC_644181</subfield>
		<subfield code="o">(OCoLC)ocn506935961</subfield>
		<subfield code="s">columbia_aco003377</subfield>
		<subfield code="e">(ERROR-880)(ERROR-MISC)</subfield>
		<subfield code="s">columbia_aco003377</subfield>
	</datafield>
</record>
